<record><leader>00000cas a22000007a 4500</leader><controlfield tag="001">40695648</controlfield><controlfield tag="008">990128d195u19uucauwr ne      0    0eng d</controlfield><datafield ind1=" " ind2=" " tag="010"><subfield code="a">sn 98061700 </subfield></datafield><datafield ind1=" " ind2=" " tag="040"><subfield code="a">CNK</subfield><subfield code="b">eng</subfield><subfield code="c">CNK</subfield><subfield code="d">OCLCQ</subfield><subfield code="d">OCLCF</subfield><subfield code="d">OCLCO</subfield></datafield><datafield ind1="1" ind2=" " tag="029"><subfield code="a">AU@</subfield><subfield code="b">000014546249</subfield></datafield><datafield ind1=" " ind2=" " tag="042"><subfield code="a">msc</subfield></datafield><datafield ind1=" " ind2=" " tag="043"><subfield code="a">n-us-ca</subfield></datafield><datafield ind1="0" ind2="0" tag="245"><subfield code="a">West Covina economizer.</subfield></datafield><datafield ind1="1" ind2="7" tag="246"><subfield code="a">La Puente economizer</subfield></datafield><datafield ind1=" " ind2=" " tag="260"><subfield code="a">La Puente, Calif. :</subfield><subfield code="b">La Puente Valley Journal.</subfield></datafield><datafield ind1=" " ind2=" " tag="300"><subfield code="a">v.</subfield></datafield><datafield ind1=" " ind2=" " tag="310"><subfield code="a">Weekly</subfield></datafield><datafield ind1=" " ind2=" " tag="588"><subfield code="a">Description based on: Vol. 7, no. 41 (Oct. 8, 1959).</subfield></datafield><datafield ind1=" " ind2="0" tag="651"><subfield code="a">West Covina (Calif.)</subfield><subfield code="v">Newspapers.</subfield></datafield><datafield ind1=" " ind2="7" tag="655"><subfield code="a">Newspapers.</subfield><subfield code="2">fast</subfield><subfield code="0">(OCoLC)fst01423814</subfield></datafield><datafield ind1=" " ind2="7" tag="651"><subfield code="a">California</subfield><subfield code="z">West Covina.</subfield><subfield code="2">fast</subfield><subfield code="0">(OCoLC)fst01228277</subfield></datafield><datafield ind1=" " ind2=" " tag="752"><subfield code="a">United States</subfield><subfield code="b">California</subfield><subfield code="c">Los Angeles</subfield><subfield code="d">La Puente.</subfield></datafield><datafield ind1="0" ind2=" " tag="775"><subfield code="t">Puente economizer</subfield><subfield code="w">(DLC)sn 98061699</subfield></datafield></record>